@book{axler2015linear,
	title={Linear algebra done right},
	author={Axler, Sheldon},
	year={2015},
	publisher={Springer}
}