	@inproceedings{zhu2022ulab,
	title={ULAB: An Accessible, Peer-Led Framework for Facilitating Undergraduate Research Experiences in Physics},
	author={Zhu, Yi J and Desai, Anmol and Kaur, Ravjit},
	booktitle={APS April Meeting Abstracts},
	volume={2022},
	pages={F01--030},
	year={2022},
	keywords={poster}
}