@book{griffiths_electrodynamics, 
	place={Erscheinungsort nicht ermittelbar},
	title={Introduction to Electrodynamics}, 
	publisher={Pearson}, 
	author={Griffiths, David}, 
	year={2012}
}

@misc{arfken,
	title={Mathematical methods for physicists},
	author={Arfken, George B and Weber, Hans J},
	year={2005},
	publisher={Elsevier}
}

@misc{jackson,
	title={Classical Electrodynamics},
	author={Jackson, John David},
	year={1999},
	publisher={John Wiley & Sons}
}